@misc{ai-wikipedia,
  author={Wikipedia},
  title={KÃ¼nstliche Intelligenz},
  url={https://de.wikipedia.org/wiki/K%C3%BCnstliche_Intelligenz},
  urldate={2023-04-20},
  year={2023}
}

@misc{the-decoder,
  author={the decoder},
  title={Chaos GPT},
  url={https://the-decoder.de/chaosgpt-ist-der-erste-konkrete-versuch-mit-ki-die-menschheit-zu-vernichten/},
  year={2023}
}

@misc{ai-safety,
  author={Center for AI safety},
  title={Unleashing AI agents},
  url={https://www.safe.ai/ai-risk},
  year={2024}
}

@misc{deepfake-wikipedia,
  author={Wikipedia},
  title={deepfake},
  url={https://de.wikipedia.org/wiki/Deepfake},
  urldate={2024-05-02},
  year={2024}
  }

@misc{risikojobs-nzz,
  author={NZZ},
  title={Risikojob Akademiker?},
  url={https://www.nzz.ch/wirtschaft/risikojob-bueroangestellter-welche-berufe-am-meisten-durch-ki-bedroht-sind-ld.1828929},
  urldate={2024-05-04},
  year={2024}
  }

@misc{bedrohte-jobs-kununu,
  author={kununu},
  title={Echte Bedrohung?},
  url={https://news.kununu.com/kuenstliche-intelligenz-welche-jobs-gefaehrdet-sind/},
  urldate={2024-03-070},
  year={2024}
  }

@book{example,
  title={The Title of the Book},
  author={The Author},
  publisher={The Publisher},
  year={2017},
}